@book{RNN,
    title={Learning representations by back-propagating errors},
    author={Williams, Ronald J. and Hinton, Geoffrey E. and Rumelhart, David E.},
    publisher={Nature},
    year={1986}
}

@book{BPTT,
    title={Gradient-based learning algorithms for recurrent networks and their computational complexity},
    author={Ronald J. Williams and David Zipser},
    publisher={Back-propagation: Theory, Architectures and Applications.},
    year={1992}
}

@book{vanishing_gradient_RNN,
    title={Untersuchungen zu dynamischen neuronalen Net},
    author={Hochreiter J.},
    publisher={Diploma thesis, Institut fur Informatik, Lehrstuhl Prof. Brauer, Technische Universitat Munchen.},
    year={1991}
}

@book{turing-complete,
    title={On The Computational Power Of Neural Nets},
    author={Hava T. Siegelmann and Eduardo D. Sontag},
    publisher={Journal of Computer and System Sciences},
    year={1992}
}

@book{bidirectional,
    title={Bidirectional recurrent neural networks},
    author={Schuster, M. and Paliwal, K.},
    publisher={IEEE Transactions on Signal Processing},
    year={1997}
}

@article{DBLP:journals/corr/VisinKCMCB15,
  author    = {Francesco Visin and
               Kyle Kastner and
               Kyunghyun Cho and
               Matteo Matteucci and
               Aaron C. Courville and
               Yoshua Bengio},
  title     = {ReNet: {A} Recurrent Neural Network Based Alternative to Convolutional
               Networks},
  journal   = {CoRR},
  volume    = {abs/1505.00393},
  year      = {2015},
  url       = {http://arxiv.org/abs/1505.00393},
  archivePrefix = {arXiv},
  eprint    = {1505.00393},
  timestamp = {Mon, 13 Aug 2018 16:46:40 +0200},
  biburl    = {https://dblp.org/rec/bib/journals/corr/VisinKCMCB15},
  bibsource = {dblp computer science bibliography, https://dblp.org}
}

@article{DBLP:journals/corr/KalchbrennerDG15,
  author    = {Nal Kalchbrenner and
               Ivo Danihelka and
               Alex Graves},
  title     = {Grid Long Short-Term Memory},
  journal   = {CoRR},
  volume    = {abs/1507.01526},
  year      = {2015},
  url       = {http://arxiv.org/abs/1507.01526},
  archivePrefix = {arXiv},
  eprint    = {1507.01526},
  timestamp = {Mon, 13 Aug 2018 16:47:05 +0200},
  biburl    = {https://dblp.org/rec/bib/journals/corr/KalchbrennerDG15},
  bibsource = {dblp computer science bibliography, https://dblp.org}
}

@book{Goodfellow-et-al-2016,
    title={Deep Learning},
    author={Ian Goodfellow and Yoshua Bengio and Aaron Courville},
    publisher={MIT Press},
    note={\url{http://www.deeplearningbook.org}},
    year={2016}
}