@book{Goodfellow-et-al-2016,
    title={Deep Learning},
    author={Ian Goodfellow and Yoshua Bengio and Aaron Courville},
    publisher={MIT Press},
    note={\url{http://www.deeplearningbook.org}},
    year={2016}
}

@article{DBLP:journals/corr/VisinKCMCB15,
  author    = {Francesco Visin and
               Kyle Kastner and
               Kyunghyun Cho and
               Matteo Matteucci and
               Aaron C. Courville and
               Yoshua Bengio},
  title     = {ReNet: {A} Recurrent Neural Network Based Alternative to Convolutional
               Networks},
  journal   = {CoRR},
  volume    = {abs/1505.00393},
  year      = {2015},
  url       = {http://arxiv.org/abs/1505.00393},
  archivePrefix = {arXiv},
  eprint    = {1505.00393},
  timestamp = {Mon, 13 Aug 2018 16:46:40 +0200},
  biburl    = {https://dblp.org/rec/bib/journals/corr/VisinKCMCB15},
  bibsource = {dblp computer science bibliography, https://dblp.org}
}

@misc{repo,
  title={Online code repository},
  note={\url{https://github.com/jedrzejkozal/PWr_PracaMagisterska}}
}

@article{xray-dataset,
author = {S. Kermany et al.},
year = {2018},
month = {02},
pages = {1122-1131.e9},
title = {Identifying Medical Diagnoses and Treatable Diseases by Image-Based Deep Learning},
volume = {172},
journal = {Cell},
doi = {10.1016/j.cell.2018.02.010}
}

@online{flowers-dataset,
author = {Alexander Mamaev},
title = {Flowers Recognition},
note={\url{https://www.kaggle.com/alxmamaev/flowers-recognition}},
urldate = {2019-05-13}
}

@online{fashion-dataset,
author = {Zalando Research},
title = {Fashion MNIST},
note={\url{https://www.kaggle.com/zalando-research/fashionmnist}},
urldate = {2019-05-13}
}

@article{natural-img-dataset, 
title={Effects of Degradations on Deep Neural Network Architectures}, 
author={Roy, Prasun and Ghosh, Subhankar and Bhattacharya, Saumik and Pal, Umapada}, 
journal={arXiv preprint arXiv:1807.10108}, 
year={2018} 
}

@article{tSNE,
 title={Visualizing High-Dimensional Data Using t-SNE},
 author={L.J.P. van der Maaten and G.E. Hinton},
 journal={Journal of Machine Learning Research},
 volume={9},
 pages={2579--2605},
 year={2008}
}

@article{DBLP:journals/corr/abs-1712-09913,
  author    = {Hao Li and
               Zheng Xu and
               Gavin Taylor and
               Tom Goldstein},
  title     = {Visualizing the Loss Landscape of Neural Nets},
  journal   = {CoRR},
  volume    = {abs/1712.09913},
  year      = {2017},
  url       = {http://arxiv.org/abs/1712.09913},
  archivePrefix = {arXiv},
  eprint    = {1712.09913},
  timestamp = {Thu, 16 May 2019 13:19:49 +0200},
  biburl    = {https://dblp.org/rec/bib/journals/corr/abs-1712-09913},
  bibsource = {dblp computer science bibliography, https://dblp.org}
}

@book{RNN,
    title={Learning representations by back-propagating errors},
    author={Williams, Ronald J. and Hinton, Geoffrey E. and Rumelhart, David E.},
    publisher={Nature},
    year={1986}
}

@book{BPTT,
    title={Gradient-based learning algorithms for recurrent networks and their computational complexity},
    author={Ronald J. Williams and David Zipser},
    publisher={Back-propagation: Theory, Architectures and Applications.},
    year={1992}
}

@book{LSTM,
    title={Long short-term memory},
    author={Hochreiter S. and Schmidhuber, J},
    publisher={Neural Computation},
    year={1997}
}

@article{DBLP:journals/corr/ChoMGBSB14,
  author    = {Kyunghyun Cho et al.},
  title     = {Learning Phrase Representations using {RNN} Encoder-Decoder for Statistical
               Machine Translation},
  journal   = {CoRR},
  volume    = {abs/1406.1078},
  year      = {2014},
  url       = {http://arxiv.org/abs/1406.1078},
  archivePrefix = {arXiv},
  eprint    = {1406.1078},
  timestamp = {Mon, 13 Aug 2018 16:46:44 +0200},
  biburl    = {https://dblp.org/rec/bib/journals/corr/ChoMGBSB14},
  bibsource = {dblp computer science bibliography, https://dblp.org}
}